%% This BibTeX bibliography file was created using BibDesk.
%% http://bibdesk.sourceforge.net/


%% Created for David Roberts at 2018-02-09 07:39:56 +1030 


%% Saved with string encoding Unicode (UTF-8) 



@article{Griess,
	Author = {Griess, Jr., Robert L.},
	Date-Added = {2018-02-08 21:09:18 +0000},
	Date-Modified = {2018-02-08 21:09:43 +0000},
	Fjournal = {Journal of Algebra},
	Issn = {0021-8693},
	Journal = {J. Algebra},
	Mrclass = {20N05 (94B05)},
	Mrnumber = {839580},
	Mrreviewer = {Karl H. Robinson},
	Number = {1},
	Pages = {224--234},
	Title = {Code loops},
	Url = {https://doi.org/10.1016/0021-8693(86)90075-X},
	Volume = {100},
	Year = {1986}}
